2532 4678
1 3893 2 3902 ¹
101 3837 105 3844 “
190 3831 325 3956 aspectu
342 3819 395 3881 hic
414 3845 538 3964 ponere

280 674 1254 810 remurmurans

232 907 238 915 ’
334 915 478 988 uraca
505 865 926 1012 ouaoaaeasinus
953 911 1147 984 casuue.

650 1125 837 1162 m·

250 1284 342 1376 [(Ῑ.)
360 1295 430 1355 Jarn
445 1313 506 1380 par
520 1313 631 1358 omnes
650 1295 741 1358 orbis
760 1308 919 1358 terrarum
935 1307 1046 1378 partes
1066 1286 1205 1352 victricia

199 1377 294 1460 pulus
316 1375 477 1436 Romanus
505 1376 747 1440 circumtulerat
772 1399 876 1451 arma,
909 1375 1098 1458 diliitasque
1120 1389 1210 1454 procu
1240 1410 1252 1439 z

199 1457 362 1538 sejunctas
379 1477 443 1518 uon
461 1479 526 1520 uno
546 1461 626 1522 mari
644 1459 796 1543 regiones
820 1459 917 1544 longe
937 1459 1065 1540 lateque
1086 1473 1207 1538 persas
1238 1462 1255 1519 ÷

199 1539 284 1608 sed,
319 1537 352 1597 in
375 1552 459 1600 tanta
481 1537 649 1604 fluentium
670 1563 708 1606 ex
730 1555 804 1622 roto
825 1562 936 1606 rerum
957 1538 1119 1600 felicitate
1142 1533 1222 1628 modq

197 1619 297 1682 tionis
318 1632 423 1682 umen
442 1620 577 1704 adeptus
595 1623 1021 1695 laudum-auctoritatem
1045 1621 1095 1692 is,
1118 1636 1200 1701 quau
1232 1650 1233 1653 ι

196 1704 308 1785 perio,
340 1702 498 1796 pollebat:
534 1719 567 1767 et
595 1705 679 1790 apud
706 1718 833 1766 exteras
864 1719 978 1790 gentes
1006 1641 1101 1788 piare
1129 1697 1258 1760 consilii*

196 1803 289 1864 quarn
317 1803 349 1843 vt
376 1798 407 1845 et
433 1798 580 1857 terrore,
613 1807 730 1870 gerere
757 1807 791 1850 se
819 1787 1030 1872 gloriabatur.
1075 1787 1109 1844 ln
1138 1778 1245 1840 deria

174 1865 335 1948 ¹populos
353 1885 514 1950 regesque
533 1888 596 1928 non
616 1868 769 1942 acerbus,
791 1867 961 1932 munilieus
983 1887 1060 1948 erga
1080 1865 1193 1928 socios,
1239 1896 1240 1899 ¹

196 1945 300 2008 solum
319 1946 475 2011 victoriae
497 1946 597 2012 decus
616 1965 790 2036 appetens,
822 1973 910 2014 suam
930 1949 1065 2034 regibus
1086 1939 1221 2026 majellat
1243 1952 1247 1958 '

194 2029 343 2111 populis,
373 2030 425 2092 vel
450 2030 485 2090 in
511 2052 632 2116 aequo,
665 2033 718 2094 vel
741 2033 838 2094 etiam
861 2035 894 2096 in
917 2031 1035 2115 impari
1054 2027 1186 2092 foedere
1203 2045 1231 2085 su
1255 2050 1263 2087 r

153 2153 156 2160 ,
194 2121 304 2169 tamen
319 2109 420 2194 leges,
439 2133 493 2174 sua
511 2111 580 2193 jura
597 2113 845 2198 libertatemque
864 2127 1068 2178 servaverat:
1092 2125 1185 2192 atque
1197 2125 1262 2166 am

195 2191 293 2251 ermis
312 2205 479 2278 utramque
499 2195 596 2256 maris
614 2195 845 2260 mediterranei
863 2217 952 2258 oram
972 2217 988 2256 a
1007 2193 1150 2257 Gadibus
1168 2187 1202 2250 ad
1223 2198 1225 2207 ’
1249 2271 1253 2274 -

164 2331 167 2343 ,
194 2271 277 2332 riam
301 2293 404 2368 usque
425 2277 630 2360 complexus,
663 2293 695 2341 et
714 2299 774 2362 per
793 2279 966 2340 immensos
986 2293 1145 2338 terrarum
1161 2286 1204 2334 tra

194 2368 381 2416 reverentia
399 2357 521 2420 nomini
540 2361 683 2422 Romano
708 2359 897 2432 conciliata,
927 2359 1092 2440 subjectos
1111 2371 1207 2415 tamea
1226 2358 1251 2402 d

173 2434 277 2526 ,ticni
296 2435 384 2498 solos
401 2437 538 2502 habebat
554 2441 696 2514 Siciliae,
718 2455 753 2504 et
770 2441 1049 2521 circumjectarum
1066 2435 1259 2502 ltaliae

193 2511 316 2587 brume
339 2531 373 2578 et
389 2520 564 2606 pleraeque
582 2523 777 2607 Hispaniae,
810 2523 919 2608 jugum
939 2538 1045 2584 tamen
1066 2517 1200 2580 nondum

194 2595 251 2658 oili
273 2597 409 2662 ferentis
427 2603 567 2678 cervice,
591 2606 741 2687 populos.
783 2605 958 2688 Augendae
979 2599 1217 2670 dominationis
1251 2623 1257 2631 ι

194 2697 261 2738 sam
282 2681 512 2766 materiamque
527 2685 679 2769 praebuit
695 2686 804 2770 potius
826 2687 1007 2750 inconsulta
1025 2682 1156 2746 holiium
1176 2693 1204 2742 et
1233 2682 1260 2714 ’“

192 2759 352 2842 mulorum
373 2767 525 2848 pravitas,
550 2789 642 2852 quam
664 2767 769 2850 ipsius
787 2767 931 2832 ambitio.
974 2766 1092 2830 Persei
1109 2765 1139 2825 in
1154 2759 1250 2847 priu'

164 2853 167 2858 '
191 2841 402 2908 Macedoniae
424 2867 558 2929 regnum
578 2871 638 2932 per
656 2847 805 2912 fraudem
824 2870 862 2912 ae
883 2851 991 2917 scelus
1009 2846 1135 2932 adepti,
1163 2865 1224 2906 cru·

193 2921 268 2984 litas
291 2925 325 2982 in
340 2929 521 3020 populares
544 2931 692 2992 omnibus
714 2929 837 3005 invisa,
867 2953 984 2995 vesana
1004 2931 1092 2996 inter
1111 2929 1217 2988 immeo
1242 2942 1257 2989 γ,ἰ

193 3022 274 3084 opes
295 3008 446 3081 avaritia,
479 3011 719 3074 inconsiderata
745 3015 779 3072 in
807 3035 842 3076 ea
867 3013 973 3076 iendis
1002 3007 1256 3094 exsequendis

193 3085 341 3146 consiliis
374 3087 505 3164 levitas,
538 3106 570 3154 et
599 3093 689 3170 illum
713 3037 978 3178 peliumrledere,
1011 3109 1044 3156 et
1073 3111 1262 3176 quaecuqu

192 3161 291 3230 stante
317 3165 378 3230 hoe
405 3173 582 3315 praecipuo
602 3175 764 3237 Romanae
789 3179 953 3260 potentiae
975 3177 1066 3240 velut
1085 3173 1176 3234 freno
1195 3169 1228 3231 fta

192 3262 353 3328 poterant.
394 3254 509 3316 Redun
535 3255 599 3316 avit
619 3257 705 3316 enim
727 3257 761 3320 iu
780 3260 862 3322 alios
882 3259 1083 3336 ejusdam,
1104 3273 1162 3314 nee
1177 3249 1251 3312 liniti·

192 3347 317 3424 morum
335 3343 467 3410 tantum,
492 3336 549 3398 sed
564 3357 676 3398 eorum
691 3341 798 3412 etiarn,
823 3341 880 3423 qui
895 3340 1027 3423 longius
1044 3335 1156 3399 remoti
1174 3345 1251 3402 eruut,

191 3427 316 3471 rumam
343 3415 449 3478 traxit.
499 3417 710 3480 Macedonum
740 3423 873 3484 exitium
902 3436 1011 3484 secuta
1041 3439 1109 3480 eum
1140 3411 1252 3476 Achaeis

193 3489 370 3577 Carthago:
400 3510 514 3581 atque,
545 3499 660 3561 horum
680 3501 826 3566 cladibus
848 3503 1005 3566 convulso
1026 3500 1162 3562 omnium
1180 3495 1251 3580 statu,

156 3639 159 3648 ,
192 3571 318 3668 reliqua
337 3575 396 3652 jam
414 3577 569 3663 imperia,
593 3581 789 3666 aliquamdiu
807 3583 963 3657 obnoxia,
985 3581 1055 3667 post
1071 3582 1162 3666 paulo
1180 3597 1265 3640 eren.

193 3672 244 3727 sa,
270 3677 304 3716 tn
320 3659 496 3724 Romanum
518 3663 689 3746 imperium
708 3680 823 3728 cuncta
845 3667 1017 3730 uellerent.
1061 3667 1161 3747 atque
1179 3659 1250 3730 haec»

191 3747 228 3795 ut
247 3733 328 3799 loeis
346 3743 546 3825 temporibus
572 3765 612 3806 ue
632 3743 781 3820 diversa,
810 3749 854 3811 ita
873 3769 910 3809 re
927 3746 1112 3826 conjuncta,
1134 3744 1187 3804 sub
1202 3757 1248 3800 uus

549 3766 670 3901 libuit,
693 3827 832 3891 intuenti
851 3830 1021 3916 imminens
1037 3849 1109 3890 mcx
1122 3823 1247 3887 Romanis

427 3928 489 3978 um,
511 3905 597 3968 unde
613 3908 740 3970 initium
755 3913 891 3973 maxime
907 3909 1078 3972 crescendi
1093 3929 1144 3970 res
1154 3911 1247 3968 Roma·

190 3917 208 3956 a
250 3919 344 3962 erseo
359 3902 412 3964 bel

161 3979 168 3990 “
188 3995 250 4038 uae
271 4001 401 4122 cepere.
430 3987 513 4050 lllud
529 3987 650 4052 bellum
666 4004 741 4052 tunc
760 3993 921 4076 coqucbqt
938 3991 1099 4055 occultum
1114 3993 1246 4052 Perseutt

91 4119 95 4125 ,
188 4058 303 4122 lucelle
327 4078 380 4126 ant
395 4069 513 4154 magis,
537 4075 852 4154 quamexereebant,
875 4077 1018 4140 Romana
1037 4073 1246 4158 armatique

190 4153 224 4200 et
246 4144 342 4206 Galli.
